@inproceedings{DBLP:conf/ecml/KocsisS06,
  author    = {Levente Kocsis and
               Csaba Szepesv{\'{a}}ri},
  title     = {Bandit Based Monte-Carlo Planning},
  booktitle = {Machine Learning: {ECML} 2006, 17th European Conference on Machine
               Learning, Berlin, Germany, September 18-22, 2006, Proceedings},
  series    = {Lecture Notes in Computer Science},
  volume    = {4212},
  pages     = {282--293},
  publisher = {Springer},
  year      = {2006},
  url       = {https://doi.org/10.1007/11871842\_29},
  doi       = {10.1007/11871842\_29},
  timestamp = {Tue, 26 Jun 2018 14:12:35 +0200},
  biburl    = {https://dblp.org/rec/bib/conf/ecml/KocsisS06},
  bibsource = {dblp computer science bibliography, https://dblp.org}
}

@inproceedings{DBLP:conf/cg/Coulom06,
  author    = {R{\'{e}}mi Coulom},
  editor    = {H. Jaap van den Herik and
               Paolo Ciancarini and
               H. H. L. M. Donkers},
  title     = {Efficient Selectivity and Backup Operators in Monte-Carlo Tree Search},
  booktitle = {Computers and Games, 5th International Conference, {CG} 2006, Turin,
               Italy, May 29-31, 2006. Revised Papers},
  series    = {Lecture Notes in Computer Science},
  volume    = {4630},
  pages     = {72--83},
  publisher = {Springer},
  year      = {2006},
  url       = {https://doi.org/10.1007/978-3-540-75538-8\_7},
  doi       = {10.1007/978-3-540-75538-8\_7},
  timestamp = {Fri, 02 Jun 2017 13:01:07 +0200},
  biburl    = {https://dblp.org/rec/bib/conf/cg/Coulom06},
  bibsource = {dblp computer science bibliography, https://dblp.org}
}

@inproceedings{DBLP:conf/aiide/ChaslotBSS08,
  author    = {Guillaume Chaslot and
               Sander Bakkes and
               Istvan Szita and
               Pieter Spronck},
  title     = {Monte-Carlo Tree Search: {A} New Framework for Game {AI}},
  booktitle = {Proceedings of the Fourth Artificial Intelligence and Interactive
               Digital Entertainment Conference, October 22-24, 2008, Stanford, California,
               {USA}},
  publisher = {The {AAAI} Press},
  year      = {2008},
  url       = {http://www.aaai.org/Library/AIIDE/2008/aiide08-036.php},
  timestamp = {Wed, 12 Dec 2012 16:45:08 +0100},
  biburl    = {https://dblp.org/rec/bib/conf/aiide/ChaslotBSS08},
  bibsource = {dblp computer science bibliography, https://dblp.org}
}

@article{DBLP:journals/tciaig/BrownePWLCRTPSC12,
  author    = {Cameron Browne and
               Edward Jack Powley and
               Daniel Whitehouse and
               Simon M. Lucas and
               Peter I. Cowling and
               Philipp Rohlfshagen and
               Stephen Tavener and
               Diego Perez Liebana and
               Spyridon Samothrakis and
               Simon Colton},
  title     = {A Survey of Monte Carlo Tree Search Methods},
  journal   = {{IEEE} Trans. Comput. Intellig. and {AI} in Games},
  volume    = {4},
  number    = {1},
  pages     = {1--43},
  year      = {2012},
  url       = {https://doi.org/10.1109/TCIAIG.2012.2186810},
  doi       = {10.1109/TCIAIG.2012.2186810},
  timestamp = {Sat, 16 Sep 2017 12:07:00 +0200},
  biburl    = {https://dblp.org/rec/bib/journals/tciaig/BrownePWLCRTPSC12},
  bibsource = {dblp computer science bibliography, https://dblp.org}
}

@article{DBLP:journals/nature/SilverHMGSDSAPL16,
  author    = {David Silver and
               Aja Huang and
               Chris J. Maddison and
               Arthur Guez and
               Laurent Sifre and
               George van den Driessche and
               Julian Schrittwieser and
               Ioannis Antonoglou and
               Vedavyas Panneershelvam and
               Marc Lanctot and
               Sander Dieleman and
               Dominik Grewe and
               John Nham and
               Nal Kalchbrenner and
               Ilya Sutskever and
               Timothy P. Lillicrap and
               Madeleine Leach and
               Koray Kavukcuoglu and
               Thore Graepel and
               Demis Hassabis},
  title     = {Mastering the game of Go with deep neural networks and tree search},
  journal   = {Nature},
  volume    = {529},
  number    = {7587},
  pages     = {484--489},
  year      = {2016},
  url       = {https://doi.org/10.1038/nature16961},
  doi       = {10.1038/nature16961},
  timestamp = {Sat, 20 May 2017 00:24:51 +0200},
  biburl    = {https://dblp.org/rec/bib/journals/nature/SilverHMGSDSAPL16},
  bibsource = {dblp computer science bibliography, https://dblp.org}
}

@article{silver2017mastering,
  title={Mastering the game of Go without human knowledge},
  author={Silver, David and
          Schrittwieser, Julian and
          Simonyan, Karen and
          Antonoglou, Ioannis and
          Huang, Aja and
          Guez, Arthur and
          Hubert, Thomas and
          Baker, Lucas and
          Lai, Matthew and
          Bolton, Adrian and
          Chen, Yutian and
          Lillicrap, Timothy and
          Hui, Fan and
          Sifre, Laurent and
          van den Driessche, George and
          Graepel, Thore and
          Hassabis, Demis},
  journal={Nature},
  volume={550},
  number={7676},
  pages={354â€“359},
  year={2017},
  publisher={Nature Publishing Group}
}
